@inproceedings{ressel2006approach,
	title={An approach towards personalized user interfaces for ambient intelligent home environments},
	author={Ressel, Christian and Ziegler, J{\"u}rgen and Naroska, Edwin},
	booktitle={Intelligent Environments, 2006. IE 06. 2nd IET International Conference},
	pages={247--255},
	year={2006},
	organization={IET}
}
@article{metcalfe1976ethernet,
	title={Ethernet: Distributed packet switching for local computer networks},
	author={Metcalfe, Robert M and Boggs, David R},
	journal={Communications of the ACM},
	volume={19},
	number={7},
	pages={395--404},
	year={1976},
	publisher={ACM New York, NY, USA}
}
@book{tanenbaum2015modern,
	title={Modern operating systems},
	author={Tanenbaum, Andrew S and Bos, Herbert},
	year={2015},
	publisher={Pearson}
}
@mastersthesis{CitekeyMastersthesis,
	author  = "Jian Tang",
	title   = "Spin structure of the nucleon in the asymptotic limit",
	school  = "Massachusetts Institute of Technology",
	year    = 1996,
	address = "Cambridge, MA",
	month   = sep
}

